% This file was created with JabRef 2.7.2.
% Encoding: Cp1252


@inproceedings{bickel:siggraph07,
 author = {Bickel, Bernd and Botsch, Mario and Angst, Roland and Matusik, Wojciech and Otaduy, Miguel and Pfister, Hanspeter and Gross, Markus},
 title = {Multi-scale capture of facial geometry and motion},
 booktitle = {ACM SIGGRAPH 2007 papers},
 series = {SIGGRAPH '07},
 year = {2007},
 location = {San Diego, California},
 articleno = {33},
 url = {http://doi.acm.org/10.1145/1275808.1276419},
 doi = {10.1145/1275808.1276419},
 acmid = {1276419},
 publisher = {ACM},
 address = {New York, NY, USA},
 keywords = {animation, face modeling, motion capture},
} 

@article{anguelov:tog06,
 author = {Anguelov, Dragomir and Srinivasan, Praveen and Koller, Daphne and Thrun, Sebastian and Rodgers, Jim and Davis, James},
 title = {SCAPE: shape completion and animation of people},
 journal = {ACM Trans. Graph.},
 issue_date = {July 2005},
 volume = {24},
 number = {3},
 month = jul,
 year = {2005},
 issn = {0730-0301},
 pages = {408--416},
 numpages = {9},
 url = {http://doi.acm.org/10.1145/1073204.1073207},
 doi = {10.1145/1073204.1073207},
 acmid = {1073207},
 publisher = {ACM},
 address = {New York, NY, USA},
 keywords = {animation, deformations, morphing, synthetic actors},
} 

@article{Liu:tvcj06,
 author = {Liu, Guodong and McMillan, Leonard},
 title = {Estimation of missing markers in human motion capture},
 journal = {Vis. Comput.},
 issue_date = {September 2006},
 volume = {22},
 number = {9},
 month = sep,
 year = {2006},
 issn = {0178-2789},
 pages = {721--728},
 numpages = {8},
 url = {http://dx.doi.org/10.1007/s00371-006-0080-9},
 doi = {10.1007/s00371-006-0080-9},
 acmid = {1165442},
 publisher = {Springer-Verlag New York, Inc.},
 address = {Secaucus, NJ, USA},
 keywords = {Missing markers, Motion capture, Piecewise linear modeling, Principle component analysis},
} 

@article{park:tog06,
 author = {Park, Sang Il and Hodgins, Jessica K.},
 title = {Capturing and animating skin deformation in human motion},
 journal = {ACM Trans. Graph.},
 issue_date = {July 2006},
 volume = {25},
 number = {3},
 month = jul,
 year = {2006},
 issn = {0730-0301},
 pages = {881--889},
 numpages = {9},
 url = {http://doi.acm.org/10.1145/1141911.1141970},
 doi = {10.1145/1141911.1141970},
 acmid = {1141970},
 publisher = {ACM},
 address = {New York, NY, USA},
 keywords = {human animation, motion capture, skin deformation},
} 


@ARTICLE{akhter:tog12,
  author = {I. Akhter and 
	
	T. Simon and 
	
	S. Khan and 
	
	I. Matthews and 
	
	Y. Sheikh},
  title = {Bilinear Spatiotemporal Basis Models},
  journal = {ACM Transactions on Graphics},
  year = {2012},
  volume = {31},
  pages = {17:1-17:12},
  owner = {Mike},
  timestamp = {2012.06.13}
}

@INPROCEEDINGS{Bhat2003,
  author = {Kiran S. Bhat and Christopher D. Twigg and Jessica K. Hodgins and
	Pradeep K. Khosla and Zoran Popovi and Steven M. Seitz},
  title = {Estimating Cloth Simulation Parameters from Video},
  booktitle = {2003 ACM SIGGRAPH / Eurographics Symposium on Computer Animation},
  year = {2003},
  pages = {37--51},
  month = {Jul}
}

@INPROCEEDINGS{BobbyBodenheimer1997,
  author = {Bobby Bodenheimer and Chuck Rose},
  title = {The Process of Motion Capture: Dealing with the Data},
  booktitle = {Computer Animation and Simulation '97: Eurographics},
  year = {1997},
  pages = {3--18}
}

@INPROCEEDINGS{CohenIsaac92trackingpoints,
  author = {Isaac Cohen and Nicholas Ayache and Patrick Sulger},
  title = {Tracking Points on Deformable Objects Using Curvature Information},
  booktitle = {The second European conference of computer vision},
  year = {1992},
  pages = {458--466},
  publisher = {Springer-Verlag}
}

@INPROCEEDINGS{DengZhigang06animatingblendshape,
  author = {Zhigang Deng},
  title = {Animating blendshape faces by cross mapping motion capture data},
  booktitle = {In Proc. of ACM SIGGGRAPH Symposium on Interactive 3D Graphics and
	Games (2006},
  year = {2006},
  pages = {43--48},
  publisher = {Press}
}

@INPROCEEDINGS{GlardonPascal2004,
  author = {Glardon, Pascal and Boulic, Ronan and Thalmann, Daniel},
  title = {PCA-Based Walking Engine Using Motion Capture Data},
  booktitle = {Proceedings of the Computer Graphics International},
  year = {2004},
  pages = {292--298},
  address = {Washington, DC, USA},
  publisher = {IEEE Computer Society},
  acmid = {1009607},
  doi = {10.1109/CGI.2004.73},
  isbn = {0-7695-2171-1},
  numpages = {7},
  url = {http://portal.acm.org/citation.cfm?id=1009379.1009607}
}

@INPROCEEDINGS{FrankHulsken2007,
  author = {Frank Hsken and Christian Eckes and Roland Kuck and J Unterberg and
	Sophie J},
  title = {Modeling and Animating Virtual Humans for Real-Time Applications},
  booktitle = {The International Journal of Virtual Reality},
  year = {2007},
  volume = {6},
  number = {4},
  pages = {11--20}
}

@INPROCEEDINGS{GallJ2009,
  author = {Gall J. and Stoll C. and de Aguiar E. and Theobalt C. and Rosenhahn
	B. and Seidel H.-P.,},
  title = {Motion Capture Using Joint Skeleton Tracking and Surface Estimation},
  booktitle = {IEEE Conference on Computer Vision and Pattern Recognition (CVPR'09)},
  year = {2009}
}

@ARTICLE{jiangWGIJMS1999,
  author = {W.G. Jiang and M.S. Yao and J.M. Walton},
  title = {A concise finite element model for simple straight wire rope strand},
  journal = {International Journal of Mechanical Sciences},
  year = {1999},
  volume = {41},
  pages = {143--161},
  number = {2},
  doi = {10.1016/S0020-7403(98)00039-3 },
  issn = {1524-0703}
}

@INPROCEEDINGS{LorenzoManuel03,
  author = {Manuel Sanchez Lorenzo and Manuel Schez and Lorenzo James and James
	D. Edge and Scott A. King and Steve Maddock},
  title = {Use and Re-use of Facial Motion Capture Data},
  booktitle = {Vision, Video, and Graphics(2003)},
  year = {2003},
  pages = {1--8}
}

@ARTICLE{HuiLou2010,
  author = {Hui Lou and Jinxiang Chai},
  title = {Example-Based Human Motion Denoising},
  journal = {IEEE Transactions on Visualization and Computer Graphics},
  year = {2010},
  volume = {16},
  pages = {870--879},
  doi = {10.1109/TVCG.2010.23},
  masid = {4952362}
}

@INPROCEEDINGS{MaWanChun2008,
  author = {Ma, Wan-Chun and Jones, Andrew and Chiang, Jen-Yuan and Hawkins,
	Tim and Frederiksen, Sune and Peers, Pieter and Vukovic, Marko and
	Ouhyoung, Ming and Debevec, Paul},
  title = {Facial performance synthesis using deformation-driven polynomial
	displacement maps},
  booktitle = {ACM SIGGRAPH Asia 2008 papers},
  year = {2008},
  series = {SIGGRAPH Asia '08},
  pages = {121:1--121:10},
  address = {New York, NY, USA},
  publisher = {ACM},
  acmid = {1409074},
  articleno = {121},
  doi = {http://doi.acm.org/10.1145/1457515.1409074},
  keywords = {facial performance synthesis, polynomial displacement maps},
  location = {Singapore},
  numpages = {10},
  url = {http://doi.acm.org/10.1145/1457515.1409074}
}

@INPROCEEDINGS{MarcusVolker04clothmotion,
  author = {Volker Scholz Marcus and Marcus A. Magnor},
  title = {Cloth Motion from Optical Flow},
  booktitle = {Proceedings of 9th International Fall Workshop on Vision, Modeling
	and Visualization (VMV 2004)},
  year = {2004},
  pages = {117--124},
  location = {Stanford, USA}
}

@INPROCEEDINGS{NatsukiMIYATA2004,
  author = {Natsuki MIYATA and Makiko KOUCHI and Tsuneya KURIH4RA and Masaaki
	MOCHIMARU},
  title = {Modeling of Human Hand Link Structure from Optical Motion Capture
	Data},
  booktitle = {Proceedings of 2004 IEEElRSJ International Conference on Intelligent
	Robots and Systems},
  year = {2004},
  pages = {2129--2135},
  address = {Sendai, Japan}
}

@INPROCEEDINGS{TommasoPiazza2009,
  author = {Tommaso Piazza and Johan Lundstroem and Andreas Kunz and Morten Fjeld},
  title = {Predicting Missing Markers in Real-time Optical Motion Capture},
  booktitle = {3D Physiological Human Workshop},
  year = {2009},
  editor = {N. Magnenat-Thalmann},
  volume = {Lecture Notes of Computer Science (LNCS)},
  number = {5903},
  pages = {125--136},
  address = {Berlin Heidelberg, Germany},
  publisher = {Springer Verlag},
  isbn = {978-3-642-10468-8},
  language = {English},
  location = {Zermatt, Switzerland},
  url = {http://3dph.miralab.unige.ch/}
}

@INPROCEEDINGS{PritchardDavid2003,
  author = {Pritchard, David and Heidrich, Wolfgang},
  title = {Cloth motion capture},
  booktitle = {ACM SIGGRAPH 2003 Sketches \& Applications},
  year = {2003},
  volume = {22},
  series = {SIGGRAPH '03},
  pages = {263--271},
  address = {New York, NY, USA},
  publisher = {ACM},
  acmid = {965580},
  doi = {http://doi.acm.org/10.1145/965400.965580},
  location = {San Diego, California},
  numpages = {1},
  url = {http://doi.acm.org/10.1145/965400.965580}
}

@INPROCEEDINGS{StjepanRajko2007,
  author = {Stjepan Rajko and Gang Qian},
  title = {Real-time automatic kinematic model building for optical motion capture
	using a Markov random field},
  booktitle = {Proceedings of the 2007 IEEE international conference on Human-computer
	interaction},
  year = {2007},
  series = {HCI'07},
  pages = {69--78},
  address = {Berlin, Heidelberg},
  publisher = {Springer-Verlag},
  acmid = {1779584},
  isbn = {3-540-75772-4, 978-3-540-75772-6},
  location = {Rio de Janeiro, Brazil},
  numpages = {10},
  url = {http://portal.acm.org/citation.cfm?id=1779576.1779584}
}

@ARTICLE{BodyMountedCameras_SIGGRAPH2011,
  author = {Takaaki Shiratori and Hyun Soo Park and Leonid Sigal and Yaser Sheikh
	and Jessica K. Hodgins},
  title = {Motion Capture from Body-Mounted Cameras},
  journal = {ACM Transactions on Graphics},
  year = {2011},
  volume = {30},
  number = {4}
}

@INPROCEEDINGS{SifakisEftychios2005,
  author = {Sifakis, Eftychios and Neverov, Igor and Fedkiw, Ronald},
  title = {Automatic determination of facial muscle activations from sparse
	motion capture marker data},
  booktitle = {ACM SIGGRAPH 2005 Papers},
  year = {2005},
  series = {SIGGRAPH '05},
  pages = {417--425},
  address = {New York, NY, USA},
  publisher = {ACM},
  acmid = {1073208},
  doi = {http://doi.acm.org/10.1145/1186822.1073208},
  keywords = {facial animation, finite element method, muscles},
  location = {Los Angeles, California},
  numpages = {9},
  url = {http://doi.acm.org/10.1145/1186822.1073208}
}

@ARTICLE{LorenzoTorresani2008,
  author = {Lorenzo Torresani and Aaron Hertzmann},
  title = {Nonrigid Structure-from-Motion: Estimating Shape and Motion with
	Hierarchical Priors},
  journal = {IEEE TRANSACTIONS ON PATTERN ANALYSIS AND MACHINE INTELLIGENCE},
  year = {2008},
  volume = {30},
  pages = {878--892},
  number = {5}
}

@INPROCEEDINGS{AlesUde2000,
  author = {Ales Ude and Curtis Man and Marcia Riley and Christopher G. Atkeson},
  title = {Automatic Generation of Kinematic Models for the Conversion of Human
	Motion Capture Data into Humanoid Robot Motion},
  booktitle = {Proceedings of the First IEEE-RAS conference on Humanoid Robotics
	(Humanoids 2000), Massachusetts Institute of Technology},
  year = {2000},
  pages = {1--9}
}

@INPROCEEDINGS{WenGaojin20006,
  author = {Wen, Gaojin and Wang, Zhaoqi and Xia, Shihong and Zhu, Dengming},
  title = {From motion capture data to character animation},
  booktitle = {Proceedings of the ACM symposium on Virtual reality software and
	technology},
  year = {2006},
  series = {VRST '06},
  pages = {165--168},
  address = {New York, NY, USA},
  publisher = {ACM},
  acmid = {1180528},
  doi = {http://doi.acm.org/10.1145/1180495.1180528},
  isbn = {1-59593-321-2},
  keywords = {articulated skeleton fitting, motion capture},
  location = {Limassol, Cyprus},
  numpages = {4},
  url = {http://doi.acm.org/10.1145/1180495.1180528}
}

@INPROCEEDINGS{whiteRyan2007siggraph,
  author = {White, Ryan and Crane, Keenan and Forsyth, D. A.},
  title = {Capturing and animating occluded cloth},
  booktitle = {ACM SIGGRAPH 2007 papers},
  year = {2007},
  volume = {26},
  number = {3},
  series = {SIGGRAPH '07},
  address = {New York, NY, USA},
  publisher = {ACM},
  acmid = {1276420},
  articleno = {34},
  doi = {http://doi.acm.org/10.1145/1275808.1276420},
  location = {San Diego, California},
  url = {http://doi.acm.org/10.1145/1275808.1276420}
}

@ARTICLE{WorringMarcel94measurementof,
  author = {Marcel Worring and Arnold W.M. Smeulders and Adriaan B. Houtsmuller},
  title = {Measurement of 3D-line shaped objects},
  journal = {Pattern Recognition Letters},
  year = {1994},
  pages = {15--497}
}

@ARTICLE{LaurentYounes99,
  author = {Laurent Younes},
  title = {Optimal Matching Between Shapes Via Elastic Deformations},
  journal = {Image and Vision Computing},
  year = {1999},
  volume = {17},
  pages = {381--389},
  number = {1}
}

@INPROCEEDINGS{ZordanVictorBrian2003,
  author = {Zordan, Victor Brian and Van Der Horst, Nicholas C.},
  title = {Mapping optical motion capture data to skeletal motion using a physical
	model},
  booktitle = {Proceedings of the 2003 ACM SIGGRAPH/Eurographics symposium on Computer
	animation},
  year = {2003},
  series = {SCA '03},
  pages = {245--250},
  address = {Aire-la-Ville, Switzerland, Switzerland},
  publisher = {Eurographics Association},
  acmid = {846311},
  isbn = {1-58113-659-5},
  location = {San Diego, California},
  numpages = {6},
  url = {http://portal.acm.org/citation.cfm?id=846276.846311}
}

