@article{Akagi:cg06,
	title = {Computer animation of swaying trees based on physical simulation},
	journal = {Computers and Graphics},
	volume = {30},
	number = {4},
	pages = {529-539},
	year = {2006},
	author = {Akagi, Yasuhiro and Kitajima, Katsuhiro},
	keywords = {Animation},
	keywords = {Tree model},
	keywords = {Wind simulation},
	keywords = {Navier-Stokes}
}

@article{Barbic:2011:RLS,
  author = {Barbic, Jernej and Zhao, Yili},
  journal = {ACM Transactions on Graphics},
  number = {4},
  pages = {91:1--91:7},
  title = {Real-time large-deformation substructuring},
  volume = {30},
  year = {2011}
}

@inproceedings{ganz:cvpr09, 
	author={Ganz, Melanie and Loog, Marco and Brandt, Sami and Nielsen, Mads}, 
	booktitle={Proceedings of the Computer Vision and Pattern Recognition Workshops}, 
	title={Dense iterative contextual pixel classification using Kriging}, 
	year={2009}, 
	month={June}, 
	volume = {LNCS 5519}, 
	pages={87-93},
}

@article{palubicki:siggraph09,
 author = {Palubicki, Wojciech and Horel, Kipp and Longay, Steven and Runions, Adam and Lane, Brendan and Mech, Radomír and Prusinkiewicz, Przemyslaw},
 title = {Self-organizing tree models for image synthesis},
 journal = {ACM Transactions on Graphics},
 issue_date = {August 2009},
 volume = {28},
 number = {3},
 month = {July},
 year = {2009},
 pages = {58:1-58:10},
 articleno = {58},
 numpages = {10},
 acmid = {1531364},
 publisher = {ACM},
 address = {New York, NY, USA},
 keywords = {apical control, bud fate, emergence, generative tree model, interactive-procedural modeling, tree development},
} 

@article{Kwatra:TVCG200966,
author = {Nipun Kwatra and Chris Wojtan and Mark Carlson and Irfan Essa and Peter J. Mucha and Greg Turk},
title = {Fluid Simulation with Articulated Bodies},
journal ={IEEE Transactions on Visualization and Computer Graphics},
volume = {16},
year = {2010},
pages = {70-80},
publisher = {IEEE Computer Society},
address = {Los Alamitos, CA, USA},
}

@inproceedings{Lorenzo03, 
	author={Lorenzo, Manuel S. and Sonchez, Manuel and James, Lorenzo and Edge, James D. and King, Scott A. and Maddock, Steve},
	booktitle={Proceedings of the Vision, Video and Graphics Conference}, 
	title={Use and Re-use of Facial Motion Capture Data},
	year={2003}, 
	month={July}, 
	pages={135-142},
}

@article{pfa10,
 author = {Pfaff, Tobias and Thuerey, Nils and Cohen, Jonathan and Tariq, Sarah and Gross, Markus},
 title = {Scalable fluid simulation using anisotropic turbulence particles},
 journal = {ACM Transactions on Graphics},
 year = {2010},
 location = {Seoul, South Korea},
 pages = {174:1-174:8},
 articleno = {174},
 numpages = {8},
 acmid = {1866196},
 keywords = {fluid simulation, physically based animation, turbulence},
}

@inproceedings{Runions07,
  author = {Runions, Adam and Lane, Brendan and Prusinkiewicz, Przemyslaw},
	booktitle = {Proceedings of the Eurographics Workshop on Natural Phenomena},
  pages = {63-70},
  title = {Modeling Trees with a Space Colonization Algorithm},
  year = {2007}
}

@book{simiu1996wind,
  title={Wind Effects on Structures: Fundamentals and Applications to Design},
  author={Simiu, Emil and Scanlan, Robert H.},
  number={V. 1},
  series={Wiley-Interscience Publication},
  year={1996},
  publisher={John Wiley},
}

@article{SifakisEftychios2005,
  author = {Sifakis, Eftychios and Neverov, Igor and Fedkiw, Ronald},
  title = {Automatic determination of facial muscle activations from sparse motion capture marker data},
	journal = {ACM Transactions on Graphics},
  year = {2005},
  pages = {417-425},
  address = {New York, NY, USA},
  acmid = {1073208},
  keywords = {facial animation, finite element method, muscles},
  location = {Los Angeles, California},
  numpages = {9},
  volume = {24},
  number = {3}
}

@INPROCEEDINGS{shinya:eu92,
author = {Shinya, Mikio and Fournier, Alain},
title = {Stochastic Motion Motion Under the Influence of Wind},
volume = {11},
issue = {3},
year = {1992},
booktitle = {Proceedings of the Eurographics Symposium on Computer Animation},
pages = {119-128},
}

@article{stams:eu97,
  author = {Stam, Jos},
  journal = {Computer Graphics Forum},
  number = {3},
  pages = {159-164},
  title = {Stochastic Dynamics: Simulating the Effects of Turbulence on Flexible Structures},
  volume = {16},
  year = {1997},
  publisher = {Blackwell Publishers},
}

@inproceedings{Sun:2003:VID,
 author = {Sun, Meng and Jepson, Allan D. and Fiu Eugene},
 title = {Video Input Driven Animation},
 booktitle = {Proceedings of the 9th IEEE International Conference on Computer Vision},
 year = {2003},
 volume = {2},
 pages = {96-106},
 acmid = {946639},
 address = {Washington, DC, USA},
}

@article{Tan:2007:ITM,
  author = {Tan, Ping and Zeng, Gang and Wang, Jingdong and Kang, Sing Bing and Quan, Long},
  date = {2007-08-24},
  journal = {ACM Transactions on Graphics},
  number = {3},
  pages = {87},
  title = {Image-based tree modeling},
  volume = {26},
  year = {2007},
  publisher = {ACM},
  address = {New York, NY, USA},
  location = {San Diego, California}, 
}

@InBook{pope2000,
 author = {Pope, Stephen B.},
 title = {Turbulent Flows},
 chapter = {10},
 pages = {373-382},
 year = {2000},
 publisher = {Cambridge University Press},
 }

@inproceedings{Diener:2006,
 author = {Diener, Julien and Reveret, Lionel and Fiume, Eugene},
 title = {Hierarchical retargetting of 2D motion fields to the animation of 3D plant models},
 booktitle = {Proceedings of the Eurographics Symposium on Computer Animation},
 year = {2006},
 pages = {187-195},
 numpages = {9},
}

@inproceedings{ZhangSTCP06,
  author = {Zhang, Long and Song, Chengfang and Tan, Qifeng and Chen, Wei and Peng, Qunsheng},
  booktitle = {Proceedings of the 24th Computer Graphics International Conference},
  pages = {735-742},
  title = {Quasi-physical Simulation of Large-Scale Dynamic Forest Scenes},
  year = {2006},
  month = {June},
  address = {Hangzhou, China},
}

@inproceedings{Habel09PGT,
  title = {Physically Guided Animation of Trees},
  author = {Habel, Ralf and Kusternig, Alexander and Wimmer, Michael},
  year = {2009},
  pages = {523-532},
  month = {March},
  booktitle = {Proceedings of the Eurographics Symposium on Computer Animation},
  location = {Munich},
  keywords = {Physically Guided animation, Vegetation, Animation, Trees},
}

@article{bickel:siggraph07,
 author = {Bickel, Bernd and Botsch, Mario and Angst, Roland and Matusik, Wojciech and Otaduy, Miguel and Pfister, Hanspeter and Gross, Markus},
 title = {Multi-scale capture of facial geometry and motion},
 journal = {ACM Transactions on Graphics},
 year = {2007},
 pages = {33-41},
 volume = {26},
 keywords = {animation, face modeling, motion capture},
} 

@article{anguelov:tog06,
 author = {Anguelov, Dragomir and Srinivasan, Praveen and Koller, Daphne and Thrun, Sebastian and Rodgers, Jim and Davis, James},
 title = {SCAPE: shape completion and animation of people},
 journal = {ACM Transactions on Graphics (TOG)},
 issue_date = {July 2005},
 volume = {24},
 number = {3},
 month = jul,
 year = {2005},
 issn = {0730-0301},
 pages = {408-416},
 numpages = {9},
 acmid = {1073207},
 publisher = {ACM},
 address = {New York, NY, USA},
 keywords = {animation, deformations, morphing, synthetic actors},
} 

@article{Liu:tvcj06,
 author = {Liu, Guodong and McMillan, Leonard},
 title = {Estimation of missing markers in human motion capture},
 journal = {The Visual Computer},
 year = {2006},
 volume = {22},
 number = {9},
 month = {September},
 pages = {721-728},
 numpages = {8},
 acmid = {1165442},
 publisher = {Springer-Verlag New York, Inc.},
 address = {Secaucus, NJ, USA},
 keywords = {Missing markers, Motion capture, Piecewise linear modeling, Principle component analysis},
} 

@article{park:tog06,
 author = {Park, Sang II. and Hodgins, Jessica K.},
 title = {Capturing and animating skin deformation in human motion},
 journal = {ACM Transactions on Graphics},
 volume = {25},
 number = {3},
 month = {July},
 year = {2006},
 pages = {881-889},
 numpages = {9},
 acmid = {1141970},
 publisher = {ACM},
 address = {New York, NY, USA},
 keywords = {human animation, motion capture, skin deformation},
}

@article{akhter:tog12,
 author = {Akhter, Ijaz and Simon, Tomas and Khan, Sohaib and Matthews, Iain and Sheikh, Yaser},
 title = {Bilinear spatiotemporal basis models},
 journal = {ACM Transactions on Graphics (TOG)},
 issue_date = {April 2012},
 volume = {31},
 number = {2},
 month = {Apr.},
 year = {2012},
 issn = {0730-0301},
 pages = {17:1-17:12},
 articleno = {17},
 numpages = {12},
 acmid = {2159523},
 publisher = {ACM},
 address = {New York, NY, USA},
 keywords = {Bilinear models, motion capture, motion data, spatiotemporal},
}

@INPROCEEDINGS{Bhat2003,
 author = {Bhat, Kiran S. and Twigg, Christopher D. and Hodgins, Jessica K. and Khosla, Pradeep K. and Popovi, Zoran and Seitz, Steven M.},
 title = {Estimating cloth simulation parameters from video},
 booktitle = {Proceedings of the Eurographics Symposium on Computer Animation},
 year = {2003},
 pages = {37-51},
} 

@INPROCEEDINGS{BobbyBodenheimer1997,
  author = {Bodenheimer, Bobby and Rose, Chuck},
  title = {The Process of Motion Capture: Dealing with the Data},
  booktitle = {Proceedings of the Eurographics Symposium on Computer Animation},
  year = {1997},
  pages = {3-18},
  volume = {1},
}

@inproceedings{CohenIsaac92trackingpoints,
  author = {Cohen, Isaac and Ayache, Nicholas and Sulger, Patrick},
  booktitle = {Proceedings of the The second European conference of computer vision},
  date = {2009-10-06},
  editor = {Sandini, Giulio},
  isbn = {3-540-55426-2},
  pages = {458-466},
  publisher = {Springer},
  series = {Lecture Notes in Computer Science},
  title = {Tracking Points on Deformable Objects Using Curvature Information.},
  volume = {588},
  year = {1992}
}

@inproceedings{DengZhigang06animatingblendshape,
  author = {Deng, Zhigang and Chiang, Pei-Ying and Fox, Pamela and Neumann, Ulrich},
  booktitle = {Proceedings of the ACM SIGGGRAPH Symposium on Interactive 3D Graphics and Games},
  date = {2006-03-31},
  editor = {Olano, Marc and Séquin, Carlo H.},
  isbn = {1-59593-295-X},
  pages = {43-48},
  publisher = {ACM},
  title = {Animating blendshape faces by cross-mapping motion capture data},
  year = {2006}
}

@INPROCEEDINGS{GlardonPascal2004,
  author = {Glardon, Pascal and Boulic, Ronan and Thalmann, Daniel},
  title = {PCA-Based Walking Engine Using Motion Capture Data},
  booktitle = {Proceedings of the Computer Graphics International Conference},
  year = {2004},
  pages = {292-298},
  address = {Washington, DC, USA},
  publisher = {IEEE Computer Society},
  acmid = {1009607},
  isbn = {0-7695-2171-1},
  numpages = {7}
}

@INPROCEEDINGS{FrankHulsken2007,
  author = {Hsken, Frank and Eckes, Christian and Kuck, Roland and Unterberg, Jorg and Jorg, Sophie},
  title = {Modeling and Animating Virtual Humans for Real-Time Applications},
  booktitle = {Proceedings of the International Journal of Virtual Reality},
  year = {2007},
  volume = {6},
  number = {4},
  pages = {11-20},
}

@inproceedings{GallJ2009,
  author = {Gall, Juergen and Stoll, Carsten and de Aguiar, Edilson and Theobalt, Christian and Rosenhahn, Bodo and Seidel, Hans-Peter},
  booktitle = {Proceedings of the IEEE Conference on Computer Vision and Pattern Recognition (CVPR'09)},
  date = {2009-12-31},
  isbn = {978-1-4244-3992-8},
  pages = {1746-1753},
  publisher = {IEEE},
  title = {Motion capture using joint skeleton tracking and surface estimation.},
  year = {2009}
}

@ARTICLE{jiangWGIJMS1999,
  author = {Jiang, Wenguang and Yao, Minsi and Walton, James M.},
  title = {A concise finite element model for simple straight wire rope strand},
  journal = {International Journal of Mechanical Sciences},
  year = {1999},
  volume = {41},
  pages = {143-161},
  number = {2},
}

@INPROCEEDINGS{MarcusVolker04clothmotion,
  author = {Marcus, Volker S. and Magnor, Marcus A.},
  title = {Cloth Motion from Optical Flow},
  booktitle = {Proceedings of the 9th International Fall Workshop on Vision, Modeling	and Visualization},
  year = {2004},
  pages = {117-124},
  location = {Stanford, USA},
}

@INPROCEEDINGS{NatsukiMIYATA2004,
  author = {Miyata, Natsuki and Kouchi, Makiko and Kurihra, Tsuneya and Mochimaru, Masaaki},
  title = {Modeling of Human Hand Link Structure from Optical Motion Capture Data},
  booktitle = {Proceedings of the 2004 IEEE International Conference on Intelligent	Robots and Systems},
  year = {2004},
  volume = {3},
  pages = {2129-2135},
  address = {Sendai, Japan},
}

@INPROCEEDINGS{TommasoPiazza2009,
  author = {Piazza, Tommaso and Lundstroem, Johan and Kunz, Andreas and Fjeld, Morten},
  title = {Predicting Missing Markers in Real-time Optical Motion Capture},
  booktitle = {Proceedings of the 3D Physiological Human Workshop},
  year = {2009},
  editor = {N. Magnenat-Thalmann},
  volume = {Lecture Notes of Computer Science (LNCS)},
  number = {5903},
  pages = {125-136},
  address = {Berlin Heidelberg, Germany},
  publisher = {Springer Verlag},
  isbn = {978-3-642-10468-8},
  language = {English},
  location = {Zermatt, Switzerland},
}

@INPROCEEDINGS{PritchardDavid2003,
  author = {Pritchard, David and Heidrich, Wolfgang},
  title = {Cloth motion capture},
  booktitle = {Proceedings of the ACM SIGGRAPH Sketches and Applications},
  year = {2003},
  volume = {22},
  pages = {263-271},
  address = {New York, NY, USA},
  acmid = {965580},
  location = {San Diego, California},
  numpages = {1},
}

@inproceedings{BodyMountedCameras_SIGGRAPH2011,
 author = {Shiratori, Takaaki and Park, Hyun Soo and Sigal, Leonid and Sheikh, Yaser and Hodgins, Jessica K.},
 title = {Motion capture from body-mounted cameras},
 booktitle = {Proceedings of the ACM SIGGRAPH papers},
 series = {SIGGRAPH '11},
 year = {2011},
 isbn = {978-1-4503-0943-1},
 location = {Vancouver, British Columbia, Canada},
 pages = {31:1-31:10},
 articleno = {31},
 numpages = {10},
 acmid = {1964926},
 publisher = {ACM},
 address = {New York, NY, USA},
 keywords = {articulated motion, motion capture, structure-from-motion, wearable cameras},
} 

@ARTICLE{LorenzoTorresani2008,
  author = {Torresani, Lorenzo and Hertzmann, Aaron},
  title = {Nonrigid Structure-from-Motion: Estimating Shape and Motion with	Hierarchical Priors},
  journal = {IEEE Transactions on Pattern Analysis and Machine Intelligence},
  year = {2008},
  volume = {30},
  pages = {878-892},
  number = {5},
}

@INPROCEEDINGS{AlesUde2000,
  author = {Ude, Ales and Man, Curtis and Riley, Marcia and Atkeson, Christopher G.},
  title = {Automatic Generation of Kinematic Models for the Conversion of Human	Motion Capture Data into Humanoid Robot Motion},
  booktitle = {Proceedings of the First IEEE-RAS Conference on Humanoid Robotics(Humanoids 2000), Massachusetts Institute of Technology},
  year = {2000},
  pages = {1-9},
}

@article{whiteRyan2007siggraph,
  author = {White, Ryan and Crane, Keenan and Forsyth, D. A.},
  title = {Capturing and animating occluded cloth},
  journal = {ACM Transactions on Graphics},
  year = {2007},
  volume = {26},
  address = {New York, NY, USA},
  acmid = {1276420},
  articleno = {34},
  pages = {34:1-34:9},
}

@Article{WorringMarcel94measurementof,
  author       = {Worring, Marcel and Pfluger, Pia and Houtsmuller, Arnold and Houtsmuller, Adriaan},
  title        = {Measurement of 3D Line Shaped Objects},
  journal      = {Pattern Recognition Letters},
  volume       = {15},
  pages        = {497-506},
  year         = {1994}
}

@ARTICLE{LaurentYounes99,
  author = {Younes, Laurent},
  title = {Optimal Matching Between Shapes Via Elastic Deformations},
  journal = {Image and Vision Computing},
  year = {1999},
  volume = {17},
  pages = {381-389},
  number = {1},
}

@inproceedings{Long:MCN2010,
 author = {Long, Jie and Reimschussel, Cory and Britton, Ontario and Hall, Anthony and Jones, Michael},
 title = {Motion capture for a natural tree in the wind},
 booktitle = {Proceedings of the Third International Conference on Motion in Games},
 year = {2010},
 location = {Utrecht, The Netherlands},
 pages = {158-169},
 numpages = {12},
}

@inproceedings{Wen:2006:MCD,
 author = {Wen, Gaojin and Wang, Zhaoqi and Xia, Shihong and Zhu, Dengming},
 title = {From motion capture data to character animation},
 booktitle = {Proceedings of the ACM Symposium on Virtual Reality Software and Technology},
 year = {2006},
 location = {Limassol, Cyprus},
 pages = {165-168},
 numpages = {4},
 acmid = {1180528},
 address = {New York, NY, USA},
 keywords = {articulated skeleton fitting, motion capture},
} 

@article{lindenmayer68,
  author = {Lindenmayer, Aristid},
  journal = {Journal of Theoretical Biology},
  title = {Mathematical models for cellular interaction in development: Parts {I} and {II}},
  volume = {18},
	number = {3},  
  year = {1968},
  month = {March},
  pages = {280-315},
}

@article{Lintermann1999,
 author = {Lintermann, Bernd and Deussen, Oliver},
 title = {Interactive Modeling of Plants},
 journal = {IEEE Computer Graphics Applications},
 issue_date = {January 1999},
 volume = {19},
 number = {1},
 month = jan,
 year = {1999},
 pages = {56-65},
 numpages = {10},
 acmid = {618590},
 publisher = {IEEE Computer Society Press},
 address = {Los Alamitos, CA, USA},
} 

@inproceedings{Weber1995,
 author = {Weber, Jason and Penn, Joseph},
 title = {Creation and rendering of realistic trees},
 booktitle = {Proceedings of the 22nd Annual Conference on Computer Graphics and Interactive Techniques},
 year = {1995},
 pages = {119-128},
 numpages = {10},
 acmid = {218427},
 address = {New York, NY, USA},
}

@article{Wang:2009:PGL,
	author = {Wang, Huamin and Liao, Miao and Zhang, Qing and Yang, Ruigang and Turk, Greg},
 	title = {Physically guided liquid surface modeling from videos},
	journal = {ACM Transactions on Graphics (SIGGRAPH},
	volume = {28},
	number = {3},
	month = {July},
	year = {2009},
	issn = {0730-0301},
	pages = {90:1-90:11},
	articleno = {90},
	numpages = {11},
	acmid = {1531396},
	publisher = {ACM},
	address = {New York, NY, USA},
	keywords = {image-based reconstruction, physically-based fluid simulation, space-time model completion},
}

@article{Li:2011:MGM,
 author = {Li, Chuan and Deussen, Oliver and Song, Yi-Zhe and Willis, Phil and Hall, Peter},
 title = {Modeling and generating moving trees from video},
 journal = {ACM Transactions on Graphics},
 year = {2011},
 pages = {127:1-127:12},
 volume = {30},
 issue={6},
}

@inproceedings{beaudoin:sca04,
 author = {Beaudoin, Jacob M. and John Keyser},
 title = {Simulation levels of detail for plant motion},
 booktitle = {Proceedings of the Eurographics Symposium on Computer Animation},
 year = {2004},
 isbn = {3-905673-14-2},
 pages = {297-304},
 location = {Grenoble, France},
 address = {Aire-la-Ville, Switzerland, Switzerland},
 } 
 
 @inproceedings{Prusinkiewicz:2001,
 author = {Prusinkiewicz, Przemyslaw and Mundermann, Lars and Karwowski, Radoslaw and Lane, Brendan},
 title = {The use of positional information in the modeling of plants},
 booktitle = {Proceedings of the 28th Annual Conference on Computer Graphics and Interactive Techniques},
 year = {2001},
 pages = {289-300},
 numpages = {12},
 acmid = {383291},
 address = {New York, NY, USA},
 keywords = {Chomsky grammar, L-system, differential turtle geometry, generalized cylinder, interactive procedural modeling, phyllotaxis, plant, positional information, realistic image synthesis},
} 
 
@inproceedings{diener:cgf09,
  author       = {Diener, Julien and Rodriguez, Mathieu and Baboud, Lionel and Reveret, Lionel},
  title        = {Wind Projection Basis for Real-Time Animation of Trees},
  booktitle    = {Proceedings of the Eurographics Symposium on Computer Animation},
  pages = {533-540},
  month        = {March},
  year         = {2009},
}

@InProceedings{giacomo:egcas01,
  author       = {Giacomo, Thomas D. and Capo, Stephane. and Faure, Francois},
  title        = {An Interactive Forest},
  booktitle    = {Proceedings of the Eurographics Workshop on Computer Animation and Simulation},
  pages        = {65-74},
  month        = {Sept.},
  year         = {2001},
  editor       = {Marie-Paule Cani and Nadia Magnenat-Thalmann and Daniel Thalmann},
  publisher    = {Springer},
  note         = {Manchester},
  keywords     = {trees, animation, physically-based animation, multi-resolution animation},
}

@inproceedings{ota:cgi03,
 author = {Ota, Shin and Fujimotoa, Tadahiro and Tamura, Machiko and Muraoka, Kazunobu and Fujita, Kunihiko and Chiba, Norishige},
 title = {$1/f^{\beta}$ Noise-Based Real-Time Animation of Trees Swaying in Wind Fields},
 booktitle = {Proceedings of the Computer Graphics International Conference},
 year={2003},
 month={July},
 location = {Los Alamitos, CA, USA},
 pages = {52-59},
 numpages = {7},
}

@inproceedings{sakaguchi:vrst99,
 author = {Sakaguchi, Tatsumi and Ohya, Jun},
 title = {Modeling and animation of botanical trees for interactive virtual environments},
 booktitle = {Proceedings of the ACM symposium on Virtual reality software and technology},
 year = {1999},
 isbn = {1-58113-141-0},
 pages = {139-146},
 numpages = {8},
 location = {London, United Kingdom},
 publisher = {ACM},
 address = {New York, NY, USA},
 }
 
 @article{platt:mit99,
 author = {Platt, John C.},
 title = {Fast training of support vector machines using sequential minimal optimization},
 journal = {Advances in Kernel Methods: Support Vector Learning},
 year = {1999},
 pages = {185-208},
 publisher = {MIT Press},
 address = {Cambridge, MA, USA},
 }
 
 @article{keerthi:nc01,
 author = {Keerthi, Sathiya S. and Shevade, Shirish and Bhattacharyya, Chiranjib and Murthy, Krishna K.R.},
 title = {Improvements to {P}latt's {SMO} Algorithm for {SVM} Classifier Design},
 journal = {Neural Computation},
 issue_date = {March 2001},
 volume = {13},
 number = {3},
 month = mar,
 year = {2001},
 pages = {637-649},
 numpages = {13},
 acmid = {1120499},
 publisher = {MIT Press},
 address = {Cambridge, MA, USA},
} 

@article{favreau:gm06,
  author       = {Favreau, Laurent and Reveret, Lionel and Depraz, Christine and Cani, Marie-Paule},
  title        = {Animal gaits from video: comparative studies},
  journal      = {Graphical Models (GMOD)},
  number       = {2},
  volume       = {68},
  pages        = {212-234},
  month        = {Mar},
  year         = {2006},
  publisher    = {Academic Press Professional, Inc.},
  address      = {San Diego, CA, USA},
}
 
@article{bregler:acmtg02,
 author = {Bregler, Chris and Loeb, orie and Chuang, Erika and Deshpande, Hrishi},
 title = {Turning to the masters: motion capturing cartoons},
 journal = {ACM Transactions on Graphics},
 volume = {21},
 number = {3},
 year = {2002},
 pages = {399--407},
 }
 
 @inproceedings{zeng:isda06,
 author = {Zeng, Jiguo and Zhang, Yan and Zhan, Shouyi},
 title = {3D Tree Models Reconstruction from a Single Image},
 booktitle = {Proceedings of the Sixth International Conference on Intelligent Systems Design and Applications (ISDA'06)},
 year = {2006},
 isbn = {0-7695-2528-8},
 pages = {445-450},
 publisher = {IEEE Computer Society},
 address = {Washington, DC, USA},
 }

@article{haevre:ea06,
	author = {Haevre, William V. and Fiore, Fabian D. and Reeth, Frank V.},
	title = {Physically-based Driven Tree Animations},
	booktitle = {Proceedings of the Eurographics Workshop on Natural Phenomena},
	year = {2006},
	pages    = {75-82},
	publisher = {The Eurographics Association},
  address  = {Vienna, Austria},
}
 
@inproceedings{prusinkiewicz:siggraph93,
 author = {Prusinkiewicz, Przemyslaw and Hammel, Mark S. and Mjolsness, Eric},
 title = {Animation of plant development},
 booktitle = {Proceedings of the 20th Annual Conference on Computer Graphics and Interactive Techniques},
 year = {1993},
 location = {Anaheim, CA},
 pages = {351-360},
 numpages = {10},
 address = {New York, NY, USA},
}
 
@article{neubert:acmtg07,
 author = {Neubert, Boris and Franken, Thomas and Deussen, Oliver},
 title = {Approximate image-based tree-modeling using particle flows},
 journal = {ACM Transactions on Graphics},
 volume = {26},
 number = {3},
 month = {July},
 year = {2007},
 articleno = {88},
 pages = {88:1--88:11},
 acmid = {1276487},
 publisher = {ACM},
 address = {New York, NY, USA},
}

@article{chodorowski:mi05,
author = {Chodorowski, Artur and Mattsson, Ulf and Langille, Morgan and Hamarneh, Ghassan},
title = {Color lesion boundary detection using live wire},
year = {2005},
journal = {Medical Imaging 2005: Image Processing},
volume = {5747},
number = {1},
pages = {1589-1596},
location = {San Diego, CA, USA},
}

@article{Chuang:sig05,
 author = {Chuang, Yung-Yu and Goldman, Dan B. and Zheng, Ke C. and Curless, Brian and Salesin, David H. and Szeliski, Richard},
 title = {Animating pictures with stochastic motion textures},
 journal = {ACM Transactions on Graphics},
 issue_date = {2005},
 volume = {24},
 number = {3},
 month = jul,
 year = {2005},
 pages = {853--860},
 }

@conference{ono:eu97,
author = {Ono, Hiromi},
title = {Practical experience in the physical animation and destruction of trees},
publisher = {Springer, Budapest, Hungary},
year = {1997},
booktitle = {Proceedings of the 8th Eurographics Workshop on Computer Animation and Simulation},
pages = {149-159},
}

@article{Ota:TFMC04,
  author    = {Ota, Shin and Tamura, Machiko and Fujimoto, Tadahiro and Muraoka, Kazunobu and Chiba, Norishige},
  title     = {A hybrid method for real-time animation of trees swaying in wind fields},
  journal   = {The Visual Computer},
  volume    = {20},
  number    = {10},
  year      = {2004},
  pages     = {613-623},
 }


@article{delangre:arfm08,
author = {de Langre, Emmanuel},
title = {Effects of Wind on Plants},
journal = {Annual Review of Fluid Mechanics},
volume = {40},
number = {1},
pages = {141-168},
year = {2008},
}

@inproceedings{Fang:2002:RAP:791218.791583,
 author = {Fang, Hui and Hart, John C.},
 title = {Randomly Accessible Procedural Animation of Physically Approximate Turbulent Motion},
 booktitle = {Proceedings of the Computer Animation},
 year = {2002},
 pages = {43-49},
} 

@ARTICLE{zhao:icassp06,
title={Image Matching by Normalized Cross-Correlation},
author={Zhao, Feng and Huang, Qingming and Gao, Wen},
journal={Acoustics, Speech and Signal Processing(ICASSP)},
year={2006},
month={May},
volume={2},
pages = {20-30},
}
 
@inproceedings{okabe:siggraph06,
 author = {Okabe, Makoto and Owada, Shigeru and Igarashi, Takeo},
 title = {Interactive design of botanical trees using freehand sketches and example-based editing},
 booktitle = {Proceedings of the ACM SIGGRAPH Courses},
 series = {SIGGRAPH '06},
 year = {2006},
 isbn = {1-59593-364-6},
 location = {Boston, Massachusetts},
 articleno = {18},
 pages = {18},
 acmid = {1185779},
 publisher = {ACM},
 address = {New York, NY, USA},
} 

@inproceedings{wang:siggraph06,
 author = {Wang, Lifeng and Wang, Wenle and Dorsey, Julie and Yang, Xu and Guo, Baining and Shum, Heung-Yeung},
 title = {Real-time rendering of plant leaves},
 booktitle = {Proceedings of the ACM SIGGRAPH Courses},
 series = {SIGGRAPH '06},
 year = {2006},
 isbn = {1-59593-364-6},
 location = {Boston, Massachusetts},
 articleno = {5},
 pages = {5}, 
 acmid = {1185725},
 publisher = {ACM},
 address = {New York, NY, USA},
} 
 
@article{shlyakhter:ieeecga01,
 author = {Shlyakhter, Ilya and Rozenoer, Max and Dorsey, Julie and Teller, Seth},
 title = {Reconstructing 3D Tree Models from Instrumented Photographs},
 journal = {IEEE Computer Graphics and Application},
 volume = {21},
 number = {3},
 month = {May},
 year = {2001},
 pages = {53-61},
 numpages = {9},
 acmid = {618824},
 publisher = {IEEE Computer Society Press},
 address = {Los Alamitos, CA, USA},
} 

@article{lhuillier:ieeetpami05,
 author = {Lhuillier, Maxime and Quan, Long},
 title = {A Quasi-Dense Approach to Surface Reconstruction from Uncalibrated Images},
 journal = {IEEE Trans. Pattern Anal. Mach. Intell.},
 issue_date = {March 2005},
 volume = {27},
 number = {3},
 month = {Mar},
 year = {2005},
 issn = {0162-8828},
 pages = {418-433},
 numpages = {16},
 acmid = {1042406},
 publisher = {IEEE Computer Society},
 address = {Washington, DC, USA},
} 

@article{neubauer:vda03,
author = {Neubauer, Andre and Wegenkittl, Rainer},
title = {Skeleton-based myocardium segmentation},
year = {2003},
journal = {Visualization and Data Analysis},
volume = {5009},
number = {1},
pages = {56-67},
location = {Santa Clara, CA, USA},
}
 
@inproceedings{schmidt:siggraph05,
 author = {Schmidt, Ryan and Wyvill, Brian and Sousa, Mario Costa},
 title = {Sketch-based modeling with the blob tree},
 booktitle = {Proceedings of the ACM SIGGRAPH Sketches},
 series = {SIGGRAPH '05},
 year = {2005},
 location = {Los Angeles, California},
 articleno = {90},
 acmid = {1187220},
 publisher = {ACM},
 address = {New York, NY, USA},
}

@inproceedings{james:siggraph06,
 author = {James, Doug L. and Barbic, Jernej and Pai, Dinesh K.},
 title = {Precomputed acoustic transfer: output-sensitive, accurate sound generation for geometrically complex vibration sources},
 booktitle = {Proceedings of the ACM SIGGRAPH Papers},
 year = {2006},
 isbn = {1-59593-364-6},
 pages = {987-995},
 location = {Boston, Massachusetts},
 publisher = {ACM},
 address = {New York, NY, USA},
 }

@inproceedings{igarashi:siggraph07,
 author = {Igarashi, Takeo and Matsuoka, Satoshi and Tanaka, Hidehiko},
 title = {Teddy: a sketching interface for 3D freeform design},
 booktitle = {Proceedings of the ACM SIGGRAPH courses},
 year = {2007},
 location = {San Diego, California},
 publisher = {ACM},
 address = {New York, NY, USA},
 pages = {409-416},
 }
 
@inproceedings{lee:siggraph07,
 author = {Lee, Jessy and Kuo, C. Jay},
 title = {Tree model simplification for fast interactive rendering},
 booktitle = {Proceedings of the ACM SIGGRAPH posters},
 series = {SIGGRAPH '07},
 year = {2007},
 location = {San Diego, California},
 articleno = {119},
 acmid = {1280850},
 publisher = {ACM},
 address = {New York, NY, USA},
} 
 
@article{zhang:cavw07,
 author = {Zhang, Long and Zhang, Yubo and Jiang, Zhongding and Li, Luying and Chen, Wei and Peng, Qunsheng},
 title = {Precomputing data-driven tree animation},
 journal = {Computer Animation and Virtual Worlds},
 issue_date = {September 2007},
 volume = {18},
 number = {4-5},
 month = sep,
 year = {2007},
 issn = {1546-4261},
 pages = {371--382},
 numpages = {12},
 acmid = {1291058},
 publisher = {John Wiley and Sons Ltd.},
 address = {Chichester, UK},
 keywords = {data-driven, motion reuse, physically based modeling, precomputation, tree animation},
}

@inproceedings{fuhrmann:egwnp05,
  author = {Fuhrmann, Anton L. and Umlauf, Eike and Mantler, Stephan},
  booktitle = {Proceedings of the Eurographics Workshop on Natural Phenomena},
  editor = {Poulin, Pierre and Galin, Eric},
  isbn = {3-905673-29-0},
  pages = {57-66},
  publisher = {Eurographics Association},
  title = {Extreme Model Simplification for Forest Rendering.},
  year = {2005},
}

@inproceedings{wu:cas99,
	author = {Wu, Enhua and Chen, Yanyun and Yan, Tao and Zhang, Xiaopeng},
	title = {Reconstruction and Physically-based Animation of Trees from Static Images},
	booktitle = {Proceedings of the Eurographics Symposium on Computer Animation and Simulation},
	year = {1999},
	month = {September},
	pages = {157-166},
	address = {Milano, Italy},
}

@inproceedings{rodkaew:pma03:1,
	author = {Rodkaew, Yodthong and Chongstitvatana, Prabhas and Siripant, Suchada and Lursinap, Chidchanok},
	title = {Particle Systems for plant modeling},
	booktitle = {Proceedings of the International Symposium on Plant growth Modeling, Simulation, Visualization and Their Applications},
	year = {2003},
}

@inproceedings{rodkaew:pma03:2,
	author = {Rodkaew, Yodthong and Siripant, Suchada and Lursinap, Chidchanok and Chongstitvana, Prabhas},
	title = {An Algorithm for generating vein images for realistic modeling of a leaf},
	booktitle = {Proceedings of the International Conference on Computational Mathematics and Modeling},
	year = {2002},
	pages = {22-24},
	location = {Bangkok Thailand},
	publisher = {AVIC},
}
	
@inproceedings{Kirk:2005:SPE,
  author =	{Kirk, Adam G. and O.Brien, James F. and Forsyth, David A. },
  title =	 {Skeletal Parameter Estimation from Optical Motion Capture Data},
  year =	 {2005},
  month =	 {June},
  booktitle =	 {Proceedings of the IEEE Conference on Computer Vision and Pattern Recognition},
  pages = {782-788},
}

@inproceedings{Rosenhahn:KI06,
 author = {Rosenhahn, Bodo and Kersting, Uwe G. and Smith, Andrew W. and Gurney, Jason. K. and Brox, Thomas and Klette, Reinhard},
 title = {A system for markerless human motion estimation},
 booktitle = {Proceedings of the 27th Conference on Pattern Recognition},
 year = {2005},
 location = {Vienna, Austria},
 pages = {230-237},
 numpages = {8},
 acmid = {2104522},
 address = {Berlin, Heidelberg},
} 

@inproceedings{obrien:2000:AJP,
author =	{O'Brien, James and Bodenheimer, Robert E. and Brostow, Gabriel J. and Hodgins, Jessica K.},
title =		{Automatic Joint Parameter Estimation from Magnetic Motion Capture Data},
year =		{2000},
month =		{May},
booktitle =	{Proceedings of the Graphics Interface},
pages =		{53-60},
}

@inproceedings{Knight:WSCG07,
author =	{Knight, Jonathan K. and Semwal, SK.},
title =		{Fast Skeleton Estimation from Motion Capture Data using Generalized Delogne Kasa method},
booktitle =	{Proceedings of the 15th International Conference in Central Europe on Computer Graphics Visualization and Computer Vision},
year =		{2007},
month =		{Feb},
}

@article{PRUSINKIEWICZ:agronomic90,
	author = {Prusinkiewicz, Przemyslaw},
	title = {A look at the visual modeling of plant using L system},
	journal = {Agronomic},
	year = {1990},
	pages = {211-224},
 	volume = {19},
	number = {3-4},	
}	
 
@inproceedings{Prusinkiewicz:acm88,
 author = {Prusinkiewicz, Przemyslaw and Lindenmayer, Aristid and Hanan, James},
 title = {Development models of herbaceous plants for computer imagery purposes},
 booktitle = {Proceedings of the 15th Annual Conference on Computer Graphics and Interactive Techniques},
 series = {SIGGRAPH '88},
 year = {1988},
 isbn = {0-89791-275-6},
 pages = {141-150},
 numpages = {10},
 acmid = {378503},
 publisher = {ACM},
 address = {New York, NY, USA},
 keywords = {L-system, development morphology, parallel graph grammar, physiology of plants, realistic image synthesis, scientific visualization, turtle geometry},
}
 
@inproceedings{Prusinkiewicz:acm94,
 author = {Prusinkiewicz, Przemyslaw and James, Mark and Mech, Radomir},
 title = {Synthetic topiary},
 booktitle = {Proceedings of the 21st Annual Conference on Computer Graphics and Interactive Techniques},
 series = {SIGGRAPH '94},
 year = {1994},
 isbn = {0-89791-667-0},
 pages = {351-358},
 numpages = {8},
 acmid = {192254},
 publisher = {ACM},
 address = {New York, NY, USA},
 keywords = {L-system, image synthesis, modeling of plants, topiary},
} 

@book{Prusinkiewicz:sv90,
 author = {Prusinkiewicz, Przemyslaw and Lindenmayer, Aristid},
 title = {The Algorithmic Beauty of Plants},
 year = {1990},
 publisher = {Springer-Verlag New York, Inc.},
 address = {New York, NY, USA},
 }

@inproceedings{Mech:SIGGRAPH96,
 author = {Mech, Radomir and Prusinkiewicz, Przemyslaw},
 title = {Visual models of plants interacting with their environment},
 booktitle = {Proceedings of the 23rd Annual Conference on Computer Graphics and Interactive Techniques},
 year = {1996},
 pages = {397-410},
 address = {New York, NY, USA},
 }
 
@article{kurth:sf97,
	author = {Kurth, Winfried and Sloboda, Branislav},
	title = {Growth grammars simulating trees-an extension of {L}-systems incorporating local variables and sensitivity},
	journal = {Silva Fennica},
	year = {1997},
	volume = {31},
	number = {3},
	pages = {285-295},
}

@inproceedings{Rudnicki:PBC06,
 author = {Rudnicki, Mark and Burns, D.},
 title = {Branch sway period of 4 tree species using 3-D motion tracking},
 booktitle = {Proceedings of the Fifth Plant Biomechanics Conference},
 year = {2006},
 pages = {25-30}, 
 address = {Stockholm, Sweden},
 }
  
@patent{Zhang:USP02,
AUTHOR = {Zhang, Zhengyou},
TITLE = {Method and system for calibrating digital cameras},
BOOKTITLE = {US Patent},
YEAR = {2002},
}

@article{Lou:EHM2010,
 author = {Lou, Hui and Chai, Jinxiang},
 title = {Example-Based Human Motion Denoising},
 journal = {IEEE Transactions on Visualization and Computer Graphics},
 issue_date = {September 2010},
 volume = {16},
 number = {5},
 month = sep,
 year = {2010},
 pages = {870--879},
 numpages = {10},
} 

@article{Ma:FPS2008,
 author = {Ma, WanChun and Jones, Andrew and Chiang, JenYuan and Hawkins, Tim and Frederiksen, Sune and Peers, Pieter and Vukovic, Marko and Ouhyoung, Ming and Debevec, Paul},
 title = {Facial performance synthesis using deformation-driven polynomial displacement maps},
 journal = {ACM Transactions on Graphics},
 volume = {27},
 issue = {5},
 month = {December},
 year = {2008},
 pages = {121:1--121:10},
 articleno = {121},
 numpages = {10},
 acmid = {1409074},
 publisher = {ACM},
 address = {New York, NY, USA},
 keywords = {facial performance synthesis, polynomial displacement maps},
} 

@inproceedings{Rajko:2007:RAK,
 author = {Rajko, Stjepan and Qian, Gang},
 title = {Real-time automatic kinematic model building for optical motion capture using a {M}arkov random field},
 booktitle = {Proceedings of the IEEE International Conference on Human-Computer Interaction},
 year = {2007},
 location = {Rio de Janeiro, Brazil},
 pages = {69--78},
 numpages = {10},
 acmid = {1779584},
 address = {Berlin, Heidelberg},
} 

@article{RecheMartinez2004,
 author = {Reche-Martinez, Alex and Martin, Ignacio and Drettakis, George},
 title = {Volumetric reconstruction and interactive rendering of trees from photographs},
 journal = {ACM Transactions on Graphics},
 year = {2004},
 location = {Los Angeles, California},
 pages = {720--727},
 numpages = {8},
 acmid = {1015785},
 address = {New York, NY, USA},
 keywords = {3D reconstruction, interactive rendering, visibility estimation},
} 

@INPROCEEDINGS{ZordanVictorBrian2003,
  author = {Zordan, Victor B. and Van Der Horst, Nicholas C.},
  title = {Mapping optical motion capture data to skeletal motion using a physical model},
  booktitle = {Proceedings of the Eurographics Symposium on Computer Animation},
  year = {2003},
  pages = {245--250},
  address = {Aire-la-Ville, Switzerland, Switzerland},
  acmid = {846311},
  location = {San Diego, California},
  numpages = {6},
}

@article{Aono:1984,
 author = {Aono, Masaki and Kunii, Tosiyasu},
 title = {Botanical Tree Image Generation},
 journal = {IEEE Computer Graphics Applications},
 volume = {4},
 number = {5},
 year = {1984},
 pages = {10--34},
 numpages = {25},
 acmid = {1300296},
 publisher = {IEEE Computer Society Press},
 address = {Los Alamitos, CA, USA},
}

@article{Tcherpakov1999,
 author = {Tcherpakov,Marianna and Ben-Jacob,Eshel and Gutnick,David L.},
 title = {Paenibacillus dendritiformis sp. nov., proposal for a new pattern-forming species and its localization within a phylogenetic cluster},
 journal = {International Journal of Systematic Bacteriology},
 volume = {49},
 number = {5},
 year = {1999},
 pages = {239246},
} 

@inproceedings{Oppenheimer1986,
 author = {Oppenheimer, Peter E.},
 title = {Real time design and animation of fractal plants and trees},
 booktitle = {Proceedings of the 13th Annual Conference on Computer Graphics and Interactive Techniques},
 year = {1986},
 pages = {55--64},
 numpages = {10},
 acmid = {15892},
 address = {New York, NY, USA},
} 

@article{Perttunen98,
    author = {Perttunen, Jari and Sievanen, Risto and Nikinmaa, Eero},
    title = {LIGNUM: a model combining the structure and the functioning of trees},
    journal = {Ecological Modelling},
    year = {1998},
    volume = {108},
    number = {1-3},
    pages = {189-198},   
}

@inproceedings{Reeves83particlesystems,
 author = {Reeves, William T.},
 title = {Particle Systems  {A} Technique for Modeling a Class of Fuzzy Objects},
 booktitle = {Proceedings of the 10th Annual Conference on Computer Graphics and Interactive Techniques},
 year = {1983},
 month = {April}, 
 pages = {91--108},
 numpages = {18},
 acmid = {357320},
 address = {New York, NY, USA},
}

@inproceedings{ReevesB85,
 author = {Reeves, William T. and Blau, Ricki},
 title = {Approximate and probabilistic algorithms for shading and rendering structured particle systems},
 booktitle = {Proceedings of the 12th Annual Conference on Computer Graphics and Interactive Techniques},
 year = {1985},
 pages = {313--322},
 numpages = {10},
 acmid = {325250},
 address = {New York, NY, USA},
}

@inproceedings{deReffye1988,
 author = {de Reffye, Phillippe and Edelin, Claude and Francon, Jean and Jaeger, Marc and Puech, Claude},
 title = {Plant models faithful to botanical structure and development},
 booktitle = {Proceedings of the 15th Annual Conference on Computer Graphics and Interactive Techniques},
 year = {1988},
 pages = {151-158},
 numpages = {8},
}

@article{Kim2007,
    author = {Kim,Theodore and Sewall,Jason and Sud,Avneesh and Lin,Ming},
    title = {Fast Simulation of {L}aplacian Growth},
    journal = {IEEE Computer Graphics and Applications},
    year = {2007},
    volume = {27},
    number = {2},
    pages = {68-76},   
}

@book{Vicsek1992,
  title={Fractal Growth Phenomena},
  author={Vicsek, Tamas},
  date = {October 28, 1991},
  publisher={World Scientific Publishing Co Pte Ltd; 2nd edition},
  pages = {344-380},
  year={1991},
}

@inproceedings{Weber1998,
 author = {Weber, Roger and Schek, Hans-Jorg and Blott, Stephen},
 title = {A Quantitative Analysis and Performance Study for Similarity-Search Methods in High-Dimensional Spaces},
 booktitle = {Proceedings of the 24th International Conference on Very Large Data Bases},
 year = {1998},
 pages = {194-205},
 numpages = {12},
 acmid = {671192},
 address = {San Francisco, CA, USA},
} 

@InProceedings{YAN03,
  author       = {Yan, Hongping and De Reffye, Philippe and Leroux, Jonathan and Hu, Baogang},
  title        = {Study on Plant Growth Behaviors Simulated by the Functional-structural Plant Growth Model --- GreenLab},
  booktitle    = {Proceedings of the Plant Modeling, Visualization, and its Applications},
  pages        = {118-125},
  month        = {October},
  year         = {2003},
}

@book{Jesser2010,
  title={The Making of Avatar},
  author={Jesser,Jody D. and Fitzpatrick,Lisa},
  date = {October 1, 2010},
  publisher={Abrams},
  pages = {1-272},
  year={2010},
}

@article{Selino:2012,
 author = {Selino, Anthony and Jones, Michael},
 title = {Large and Small Eddies Matter: Animating Trees in Wind using Coarse Fluid Simulation and Synthetic Turbulence},
 journal = {Computer Graphics Forum},
 volume = {24},
 issue = {3},
 month = {July},
 year = {2012},
 pages = {417--425},
 numpages = {9},
 }